<record><leader>00000cas a2200000 a 4500</leader><controlfield tag="001">5004011</controlfield><controlfield tag="007">hd afb---bucu</controlfield><controlfield tag="008">790525d18761881gaudn nea     0    0eng c</controlfield><datafield ind1=" " ind2=" " tag="010"><subfield code="a">  2002252545</subfield></datafield><datafield ind1=" " ind2=" " tag="040"><subfield code="a">NDD</subfield><subfield code="b">eng</subfield><subfield code="c">NDD</subfield><subfield code="d">MHN</subfield><subfield code="d">WAU</subfield><subfield code="d">OCLCQ</subfield><subfield code="d">OCLCF</subfield><subfield code="d">OCLCO</subfield><subfield code="d">OCLCQ</subfield></datafield><datafield ind1=" " ind2=" " tag="042"><subfield code="a">pcc</subfield></datafield><datafield ind1=" " ind2=" " tag="043"><subfield code="a">n-us-ga</subfield></datafield><datafield ind1="0" ind2=" " tag="130"><subfield code="a">Daily constitution (Atlanta, Ga.)</subfield></datafield><datafield ind1="1" ind2="4" tag="245"><subfield code="a">The Daily constitution.</subfield></datafield><datafield ind1="1" ind2="3" tag="246"><subfield code="a">Atlanta daily constitution</subfield><subfield code="f">1876-Oct. 7, 1877</subfield></datafield><datafield ind1="1" ind2="7" tag="246"><subfield code="a">Atlanta constitution</subfield><subfield code="f">Sept. 6-14, 1881</subfield></datafield><datafield ind1=" " ind2=" " tag="260"><subfield code="a">Atlanta :</subfield><subfield code="b">[Constitution Pub. Co.],</subfield><subfield code="c">[1876]-</subfield></datafield><datafield ind1=" " ind2=" " tag="300"><subfield code="a">6 volumes :</subfield><subfield code="b">illustrations</subfield></datafield><datafield ind1=" " ind2=" " tag="310"><subfield code="a">Daily (except Monday)</subfield></datafield><datafield ind1=" " ind2=" " tag="336"><subfield code="a">text</subfield><subfield code="b">txt</subfield><subfield code="2">rdacontent</subfield></datafield><datafield ind1=" " ind2=" " tag="337"><subfield code="a">microform</subfield><subfield code="b">h</subfield><subfield code="2">rdamedia</subfield></datafield><datafield ind1=" " ind2=" " tag="338"><subfield code="a">microfilm reel</subfield><subfield code="b">hd</subfield><subfield code="2">rdacarrier</subfield></datafield><datafield ind1="0" ind2=" " tag="362"><subfield code="a">Vol. 9, no. 107 (Oct. 20, 1876)-v. 14, [no. 78] (Sept. 14, 1881).</subfield></datafield><datafield ind1=" " ind2=" " tag="515"><subfield code="a">Issues for Sept. 6-14, 1881 have no issue numbering but constitute no. 69-78.</subfield></datafield><datafield ind1=" " ind2=" " tag="580"><subfield code="a">Weekly eds.: Weekly constitution (Atlanta, Ga. : 1868), 1876-1878, and: Atlanta weekly constitution (Atlanta, Ga. : 1878), 1878-1881.</subfield></datafield><datafield ind1=" " ind2=" " tag="533"><subfield code="a">Microfilm.</subfield><subfield code="b">New Orleans :</subfield><subfield code="c">Recordak Corp.</subfield><subfield code="e">9 microfilm reels ; 35 mm.</subfield><subfield code="n">Place of micropublisher varies: New York, N.Y.</subfield></datafield><datafield ind1=" " ind2="0" tag="651"><subfield code="a">Atlanta (Ga.)</subfield><subfield code="v">Newspapers.</subfield></datafield><datafield ind1=" " ind2="0" tag="651"><subfield code="a">Fulton County (Ga.)</subfield><subfield code="v">Newspapers.</subfield></datafield><datafield ind1=" " ind2="7" tag="651"><subfield code="a">Georgia</subfield><subfield code="z">Atlanta.</subfield><subfield code="2">fast</subfield><subfield code="0">(OCoLC)fst01204627</subfield></datafield><datafield ind1=" " ind2="7" tag="651"><subfield code="a">Georgia</subfield><subfield code="z">Fulton County.</subfield><subfield code="2">fast</subfield><subfield code="0">(OCoLC)fst01211153</subfield></datafield><datafield ind1=" " ind2="7" tag="655"><subfield code="a">Newspapers.</subfield><subfield code="2">fast</subfield><subfield code="0">(OCoLC)fst01423814</subfield></datafield><datafield ind1=" " ind2=" " tag="752"><subfield code="a">United States</subfield><subfield code="b">Georgia</subfield><subfield code="c">Fulton</subfield><subfield code="d">Atlanta.</subfield></datafield><datafield ind1="1" ind2=" " tag="775"><subfield code="t">Weekly constitution (Atlanta, Ga. : 1868)</subfield></datafield><datafield ind1="1" ind2=" " tag="775"><subfield code="t">Atlanta weekly constitution (Atlanta, Ga. : 1878)</subfield></datafield><datafield ind1="1" ind2=" " tag="776"><subfield code="c">Original</subfield><subfield code="w">(DLC)sn 83016861</subfield><subfield code="w">(OCoLC)10177773</subfield></datafield><datafield ind1="0" ind2="0" tag="780"><subfield code="t">Constitution (Atlanta, Ga. : 1875)</subfield><subfield code="w">(DLC)  2002252544</subfield><subfield code="w">(OCoLC)5003978</subfield></datafield><datafield ind1="0" ind2="0" tag="785"><subfield code="t">Atlanta constitution (Atlanta, Ga. : 1881)</subfield><subfield code="w">(OCoLC)33806715</subfield></datafield><datafield ind1="1" ind2=" " tag="029"><subfield code="a">AU@</subfield><subfield code="b">000023449580</subfield></datafield></record>